@article{gollmann2010, 
  author = {Gollmann, Dieter}, 
  title = {{Computer security}}, 
  issn = {1939-0068}, 
  doi = {10.1002/wics.106}, 
  abstract = {{Computer security encompasses concepts and methods for protecting sensitive resources in computer systems. Computer security starts from the policies that regulate access to protected resources. In technology, the focus is on mechanisms for enforcing these policies. We will put various enforcement mechanisms into context with the policies and the IT architectures they were originally designed for. We will also briefly touch on network security and conclude with remarks on security evaluation. Copyright © 2010 John Wiley \& Sons, Inc. This article is categorized under:}}, 
  pages = {544--554}, 
  number = {5}, 
  volume = {2}, 
  journal = {Wiley Interdisciplinary Reviews: Computational Statistics}, 
  year = {2010}
}

@inbook{lazarevic2005,
author = {Lazarevic, Aleksandar and Kumar, Vipin and Srivastava, Jaideep},
year = {2005},
month = {01},
pages = {19-78},
title = {Intrusion Detection: A Survey},
volume = {5},
journal = {Managing Cyber Threats},
doi = {10.1007/0-387-24230-9_2},
publisher={Springer}
}

@book{poole1998,
  title={Computational Intelligence: A Logical Approach},
  author={Poole, D.I. and Poole, D.L. and GOEBEL, R.A. and Poole, D. and Mackworth, A.K. and Mackworth, A. and Goebel, R.},
  isbn={9780195102703},
  lccn={97009075},
  year={1998},
  publisher={Oxford University Press}
}

@book{russell2009,
author = {Russell, Stuart and Norvig, Peter},
title = {Artificial Intelligence: A Modern Approach},
year = {2009},
isbn = {0136042597},
publisher = {Prentice Hall Press},
address = {USA},
edition = {3rd}
}

@book{winston1992,
author = {Winston, Patrick Henry},
title = {Artificial Intelligence (3rd Ed.)},
year = {1992},
isbn = {0201533774},
publisher = {Addison-Wesley Longman Publishing Co., Inc.},
address = {USA}
}
  
@book{rich1991,
  title={Artificial Intelligence},
  author={Rich, E. and Knight, K.},
  isbn={9780071008945},
  lccn={lc90020608},
  series={Artificial Intelligence Series},
  year={1991},
  publisher={McGraw-Hill}
}

@article{turing1950,
  added-at = {2012-06-19T15:53:23.000+0200},
  author = {Turing, A. M.},
  biburl = {https://www.bibsonomy.org/bibtex/2c6b8db241dec2cec3477ce771abebb8f/jaeschke},
  copyright = {Copyright © 1950 Oxford University Press},
  interhash = {3f7a151a4f79fe75b4bb148b41279a9b},
  intrahash = {c6b8db241dec2cec3477ce771abebb8f},
  issn = {00264423},
  journal = {Mind},
  jstor_articletype = {research-article},
  jstor_formatteddate = {Oct., 1950},
  keywords = {},
  language = {English},
  number = 236,
  pages = {433--460},
  publisher = {Oxford University Press on behalf of the Mind Association},
  series = {New Series},
  timestamp = {2012-06-19T15:53:23.000+0200},
  title = {Computing Machinery and Intelligence},
  volume = 59,
  year = 1950
}

@book{witten2005,
  title={Data Mining: Practical Machine Learning Tools and Techniques, Second Edition},
  author={Witten, I.H. and Frank, E.},
  isbn={9780080477022},
  lccn={2005043385},
  series={The Morgan Kaufmann Series in Data Management Systems},
  year={2005},
  publisher={Elsevier Science}
}

@book{kantardzic2011,
  title={Data Mining: Concepts, Models, Methods, and Algorithms},
  author={Kantardzic, M.},
  isbn={9781118029138},
  lccn={2011002190},
  year={2011},
  publisher={Wiley}
}

@article{kurgan2006,
title={A survey of Knowledge Discovery and Data Mining process models},
volume={21},
DOI={10.1017/S0269888906000737},
number={1},
journal={The Knowledge Engineering Review},
publisher={Cambridge University Press},
author={Kurgan, Lukasz A. and Musilek, Petr},
year={2006},
pages={1–24}
}

@book{mitchell1997,
  abstract = {This book covers the field of machine learning, which is the study of algorithms that allow computer programs to automatically improve through experience. This exciting addition to the McGraw-Hill Series in Computer Science focuses on the concepts and techniques that contribute to the rapidly changing field of machine learning---including probability and statistics, artificial intelligence, and neural networks---unifying them all in a logical and coherent manner.},
  added-at = {2017-05-08T14:37:30.000+0200},
  address = {New York},
  author = {Mitchell, Tom M.},
  biburl = {https://www.bibsonomy.org/bibtex/23e79734ee1a6e49aee02ffd108224d1c/flint63},
  file = {eBook:1900-99/Mitchell97.pdf:PDF;McGraw-Hill Product page:http\://www.mhprofessional.com/product.php?isbn=0070428077:URL;Amazon Search inside:http\://www.amazon.de/gp/reader/0070428077/:URL},
  groups = {public},
  interhash = {479a66c32badb3a455fbdcf8e6633a5d},
  intrahash = {3e79734ee1a6e49aee02ffd108224d1c},
  isbn = {978-0-07-042807-2},
  keywords = {01624 105 book shelf ai learn algorithm},
  publisher = {McGraw-Hill},
  timestamp = {2017-07-13T17:10:10.000+0200},
  title = {Machine Learning},
  username = {flint63},
  year = 1997
}

@book{kahn1996,
  title={The Codebreakers: The Comprehensive History of Secret Communication from Ancient Times to the Internet},
  author={Kahn, D.},
  isbn={9781439103555},
  year={1996},
  publisher={Scribner}
}

@mastersthesis{souza2018,
 	title = {Método híbrido de detecção de intrusão aplicando inteligência artificial},
 	author={Souza, Cristiano Antonio de},
 	year = {2018},
 	publisher = {Universidade Estadual do Oeste do Paraná},
 	school = {Programa de Pós-Graduação em Engenharia Elétrica e Computação},
 	note = {Centro de Engenharias e Ciências Exatas}
}

@book{haykin2001,
  title={Redes neurais: Princípios e Práticas},
  author={Haykin, Simon S},
  year={2001},
  publisher={Bookman}
}

@book{lent2004,
  title={Cem bilh{\~o}es de neur{\^o}nios: conceitos fundamentais de neuroci{\^e}ncia},
  author={Lent, Roberto},
  year={2004},
  publisher={Atheneu}
}

@book{fausett1994,
  title={Fundamentals of Neural Networks: Architectures, Algorithms, and Applications},
  author={Fausett, L.V.},
  isbn={9780133341867},
  lccn={93008629},
  series={Prentice-Hall international editions},
  year={1994},
  publisher={Prentice-Hall}
}

@phdthesis{mwandau2018,
author = {Mwandau, Brian and Nyanchama, Matunda},
year = {2018},
month = {06},
pages = {},
title = {Investigating Keystroke Dynamics as a Two-Factor Biometric Security}
}

@incollection{hecht1992,
  title={Theory of the backpropagation neural network},
  author={Hecht-Nielsen, Robert},
  booktitle={Neural networks for perception},
  pages={65--93},
  year={1992},
  publisher={Elsevier}
}

@misc{poel2019,
    author = "{Jan Van de Poel}",
    title = "Artificial Intelligence, Machine Learning and Deep Learning",
    year = "2019",
    url = "https://www.zerotosingularity.com/deep-learning-day/ai-deep-learning-primer/",
    note = "[Acessado em 26 de fevereiro de 2020]"
}

@misc{datascienceacademy2019,
    author = "{Data Science Academy}",
    title = "Deep Learning Book",
    year = "2019",
    url = "http://deeplearningbook.com.br/a-arquitetura-das-redes-neurais/",
    note = "[Acessado em 27 de fevereiro de 2020]"
}

@misc{caida2007,
    author = "{Center for Applied Internet Data Analysis}",
    title = "The CAIDA UCSD ''DDoS Attack 2007'' Dataset",
    year = "2007",
    url = "https://www.caida.org/data/passive/ddos-20070804\_dataset.xml"
}

@book{engelbrecht2007,
  title={Computational intelligence: an introduction},
  author={Engelbrecht, Andries P},
  year={2007},
  publisher={John Wiley \& Sons}
}

@misc{facure2017,
    author = "{Matheus Facure}",
    title = "Funções de Ativação - Entendendo a importância da ativação correta nas redes neurais",
    year = "2017",
    url = "https://matheusfacure.github.io/2017/07/12/activ-func/",
    note = "[Acessado em 27 de fevereiro de 2020]"
}

@book{goodfellow2016,
    title={Deep Learning},
    author={Ian Goodfellow and Yoshua Bengio and Aaron Courville},
    publisher={MIT Press},
    url={http://www.deeplearningbook.org},
    year={2016}
}

@article{nwankpa2018,
  title={Activation functions: Comparison of trends in practice and research for deep learning},
  author={Nwankpa, Chigozie and Ijomah, Winifred and Gachagan, Anthony and Marshall, Stephen},
  journal={arXiv preprint arXiv:1811.03378},
  year={2018}
}


@book{nakamura2002,
    title={Seguran{\c{c}}a de redes em Ambientes Cooperativos},
    author={Nakamura, Emilio Tissato and Geus, Paulo L{\'\i}cio},
    year={2002},
    publisher={Berkeley}
}

@mastersthesis{machado2005,
    title={Uma abordagem de detec{\c{c}}{\~a}o de intrus{\~a}o baseada em sistemas imunol{\'o}gicos artificiais e agentes m{\'o}veis},
    author={Machado, Renato Bobsin},
    year={2005},
    school={UNIVERSIDADE FEDERAL DE SANTA CATARINA}
}

@mastersthesis{delima2005,
  title={Uma abordagem simplificada de detec{\c{c}}{\~a}o de intrus{\~a}o baseada em redes neurais artificiais},
  author={de Lima, I.V.M. and Sobral, J.B.M.},
  year={2005},
  school={UNIVERSIDADE FEDERAL DE SANTA CATARINA},
  publisher={Universidade Federal de Santa Catarina, Centro Tecnol{\'o}gico. Programa de P{\'o}s-gradua{\c{c}}{\~a}o em Ci{\^e}ncia da Computa{\c{c}}{\~a}o.}
}

@inproceedings{sujatha2012,
 author = {Sujatha, P. Kola and Priya, C. Suba and Kannan, A.},
 title = {Network Intrusion Detection System Using Genetic Network Programming with Support Vector Machine},
 booktitle = {Proceedings of the International Conference on Advances in Computing, Communications and Informatics},
 series = {ICACCI '12},
 year = {2012},
 isbn = {978-1-4503-1196-0},
 location = {Chennai, India},
 pages = {645--649},
 numpages = {5},
 doi = {10.1145/2345396.2345501},
 acmid = {2345501},
 publisher = {ACM},
 address = {New York, NY, USA}
}

@article{hashemi2013,
  title={Improving intrusion detection using genetic algorithm},
  author={Hashemi, V Moraveji and Muda, Zaiton and Yassin, Warusia},
  journal={Information Technology Journal},
  volume={12},
  number={11},
  pages={2167},
  year={2013},
  publisher={Asian Network for Scientific Information (ANSINET)}
}

@article{paiva2011,
  title={Detec{\c{c}}{\~a}o de intrus{\~a}o em redes de computadores: uma abordagem usando extreme learning machines},
  author={Paiva Medeiros de Farias, Gilles},
  year={2011},
  publisher={Universidade Federal de Pernambuco}
}

@article{crosbie1995,
    author = {Crosbie, Mark and Spafford, Eugene H},
    title = {Defending a Computer System using Autonomous Agents},
    journal = {West Lafayetee: Dept. of Computer Sciences},
    year = {1995},
    issn = {},
    pages = {12-16},
    doi = {},
    ADDRESS = {Purdue University},
    publisher = {West Lafayetee}
}


@inproceedings{sharafaldin2018,
author = {Sharafaldin, Iman and Habibi Lashkari, Arash and Ghorbani, Ali},
year = {2018},
month = {01},
pages = {108-116},
title = {Toward Generating a New Intrusion Detection Dataset and Intrusion Traffic Characterization},
doi = {10.5220/0006639801080116},
booktitle={ICISSP}
}

@inproceedings{kohavi1995,
author = {Kohavi, Ron},
title = {A Study of Cross-Validation and Bootstrap for Accuracy Estimation and Model Selection},
year = {1995},
isbn = {1558603638},
publisher = {Morgan Kaufmann Publishers Inc.},
address = {San Francisco, CA, USA},
booktitle = {Proceedings of the 14th International Joint Conference on Artificial Intelligence - Volume 2},
pages = {1137–1143},
numpages = {7},
location = {Montreal, Quebec, Canada},
series = {IJCAI’95}
}
  
@mastersthesis{maletzke2009,
title   = {Uma metodologia para extração de conhecimento em séries temporais por meio da identificação de motifs e da extração de características},
author = {Maletzke, André Gustavo and Batista, Gustavo Enrique de Almeida Prado Alves},
year = {2009},
school = {Universidade de São Paulo}
}

@phdthesis{rajagopalan1993,
  title={Symbolic and connectionist machine learning techniques for short-term electric load forecasting},
  author={Rajagopalan, Jayendar},
  year={1993},
  school={Virginia Tech}
}

@article{thomas2008,
author = {Thomas, Ciza and Sharma, Vishwas and Balakrishnan, Narayanaswamy},
year = {2008},
month = {03},
pages = {},
title = {Usefulness of DARPA dataset for intrusion detection system evaluation},
doi = {10.1117/12.777341}
}

@Article{liu2019,
AUTHOR = {Liu, Hongyu and Lang, Bo},
TITLE = {Machine Learning and Deep Learning Methods for Intrusion Detection Systems: A Survey},
JOURNAL = {Applied Sciences},
VOLUME = {9},
YEAR = {2019},
NUMBER = {20},
ARTICLE-NUMBER = {4396},
ISSN = {2076-3417},
}

@article{khraisat2019,
author = {Khraisat, Ansam and Gondal, Iqbal and Vamplew, Peter and Kamruzzaman, Joarder},
year = {2019},
month = {12},
pages = {},
title = {Survey of intrusion detection systems: techniques, datasets and challenges},
volume = {2},
journal = {Cybersecurity},
doi = {10.1186/s42400-019-0038-7}
}

@article{shiravi2012,
  title={Toward developing a systematic approach to generate benchmark datasets for intrusion detection},
  author={Ali Shiravi and Hadi Shiravi and Mahbod Tavallaee and Ali A. Ghorbani},
  journal={Computers \& Security},
  year={2012},
  volume={31},
  pages={357-374}
}

@phdthesis{fernandez2019,
  title={Deep Learning Approaches for Network Intrusion Detection},
  author={Fernandez, Gabriel},
  year={2019},
  school={The University of Texas at San Antonio}
}

@inproceedings{gharib2016,
author={A. {Gharib} and I. {Sharafaldin} and A. H. {Lashkari} and A. A. {Ghorbani}},
booktitle={2016 International Conference on Information Science and Security (ICISS)},
title={An Evaluation Framework for Intrusion Detection Dataset},
year={2016},
volume={},
number={},
pages={1-6},
doi={10.1109/ICISSEC.2016.7885840},
ISSN={},
month={Dec},}

@article{chiba2019,
title = "Intelligent approach to build a Deep Neural Network based IDS for cloud environment using combination of machine learning algorithms",
journal = "Computers \& Security",
volume = "86",
pages = "291 - 317",
year = "2019",
issn = "0167-4048",
doi = "https://doi.org/10.1016/j.cose.2019.06.013",
url = "http://www.sciencedirect.com/science/article/pii/S0167404819301221",
author = "Zouhair Chiba and Noreddine Abghour and Khalid Moussaid and Amina El omri and Mohamed Rida",
}

%% CICIDS 2017 RELATED WORK

@article{toosi2007,
title = "A new approach to intrusion detection based on an evolutionary soft computing model using neuro-fuzzy classifiers",
journal = "Computer Communications",
volume = "30",
number = "10",
pages = "2201 - 2212",
year = "2007",
issn = "0140-3664",
doi = "https://doi.org/10.1016/j.comcom.2007.05.002",
author = "Adel Nadjaran Toosi and Mohsen Kahani",
keywords = "Intrusion detection, Soft computing, Neuro-fuzzy, Fuzzy, Genetic algorithm, KDD Cup 99",
}

@INPROCEEDINGS{sarvari2010,
author={H. {Sarvari} and M. M. {Keikha}},
booktitle={2010 International Conference of Soft Computing and Pattern Recognition},
title={Improving the accuracy of intrusion detection systems by using the combination of machine learning approaches},
year={2010},
volume={},
number={},
pages={334-337},
doi={10.1109/SOCPAR.2010.5686163},
ISSN={null},
month={Dec},}

@inproceedings{syarif2012,
author = {Syarif, Iwan and Prugel-Bennett, A. and Wills, Gary},
year = {2012},
month = {04},
pages = {},
title = {Unsupervised Clustering Approach for Network Anomaly Detection},
volume = {293},
doi = {10.1007/978-3-642-30507-8_7},
booktitle={International conference on networked digital technologies}
}

@INPROCEEDINGS{aravind2017,
author={M. A. M. {Aravind} and V. K. G. {Kalaiselvi}},
booktitle={2017 Fourth International Conference on Signal Processing, Communication and Networking (ICSCN)},
title={Design of an intrusion detection system based on distance feature using ensemble classifier},
year={2017},
volume={},
number={},
pages={1-6},
doi={10.1109/ICSCN.2017.8085661},
ISSN={null},
month={March},}

@inproceedings{zhang2005,
  title={Distributed intrusion detection based on clustering},
  author={Zhang, Yu-Fang and Xiong, Zhong-Yang and Wang, Xiu-Qiong},
  booktitle={2005 International Conference on Machine Learning and Cybernetics},
  volume={4},
  pages={2379--2383},
  year={2005},
  organization={IEEE}
}

@INPROCEEDINGS{muzammil2013,
author={M. J. {Muzammil} and S. {Qazi} and T. {Ali}},
booktitle={2013 3rd IEEE International Conference on Computer, Control and Communication (IC4)},
title={Comparative analysis of classification algorithms performance for statistical based intrusion detection system},
year={2013},
volume={},
number={},
pages={1-6},
doi={10.1109/IC4.2013.6653738},
ISSN={null},
month={Sep.}
}

@article{jun2001,
author = {Li, Jun and Manikopoulos, C. and Jorgenson, Jay and Ucles, Jose},
year = {2001},
month = {01},
pages = {},
title = {HIDE: a Hierarchical Network Intrusion Detection System Using Statistical Preprocessing and Neural Network Classification}
}

@ARTICLE{ilgun1995,
author={K. {Ilgun} and R. A. {Kemmerer} and P. A. {Porras}},
journal={IEEE Transactions on Software Engineering},
title={State transition analysis: a rule-based intrusion detection approach},
year={1995},
volume={21},
number={3},
pages={181-199},
doi={10.1109/32.372146},
ISSN={2326-3881},
month={March},}

@inproceedings{roesch1999,
author = {Roesch, Martin},
title = {Snort - Lightweight Intrusion Detection for Networks},
year = {1999},
publisher = {USENIX Association},
address = {USA},
booktitle = {Proceedings of the 13th USENIX Conference on System Administration},
pages = {229–238},
numpages = {10},
location = {Seattle, Washington},
series = {LISA ’99}
}

@INPROCEEDINGS{chandrasekhar2013,
author={A. M. {Chandrasekhar} and K. {Raghuveer}},
booktitle={2013 International Conference on Computer Communication and Informatics},
title={Intrusion detection technique by using k-means, fuzzy neural network and SVM classifiers},
year={2013},
volume={},
number={},
pages={1-7},
doi={10.1109/ICCCI.2013.6466310},
ISSN={null},
month={Jan},}

@inproceedings{wang2014,
author = {Wang, Yan and Yang, Kun and Jing, Xiang and Jin, Huang Long},
title = {Problems of KDD Cup 99 Dataset Existed and Data Preprocessing},
year = {2014},
month = {11},
volume = {667},
pages = {218--225},
booktitle = {Advances in Computers, Electronics and Mechatronics},
series = {Applied Mechanics and Materials},
publisher = {Trans Tech Publications Ltd},
doi = {10.4028/www.scientific.net/AMM.667.218}
}

@article{mchugh2000,
  title={Testing intrusion detection systems: a critique of the 1998 and 1999 darpa intrusion detection system evaluations as performed by lincoln laboratory},
  author={McHugh, John},
  journal={ACM Transactions on Information and System Security (TISSEC)},
  volume={3},
  number={4},
  pages={262--294},
  year={2000},
  publisher={ACM}
}

@inproceedings{tavallaee2009,
  title={A detailed analysis of the KDD CUP 99 data set},
  author={Tavallaee, Mahbod and Bagheri, Ebrahim and Lu, Wei and Ghorbani, Ali A},
  booktitle={Computational Intelligence for Security and Defense Applications, 2009. CISDA 2009. IEEE Symposium on},
  pages={1--6},
  year={2009},
  organization={IEEE}
}

@INPROCEEDINGS{azwar2018,
author={H. {Azwar} and M. {Murtaz} and M. {Siddique} and S. {Rehman}},
booktitle={2018 IEEE 5th International Conference on Engineering Technologies and Applied Sciences (ICETAS)},
title={Intrusion Detection in secure network for Cybersecurity systems using Machine Learning and Data Mining},
year={2018},
volume={},
number={},
pages={1-9},
doi={10.1109/ICETAS.2018.8629197},
ISSN={null},
month={Nov},}

@INPROCEEDINGS{ustebay2018,
author={S. {Ustebay} and Z. {Turgut} and M. A. {Aydin}},
booktitle={2018 International Congress on Big Data, Deep Learning and Fighting Cyber Terrorism (IBIGDELFT)},
title={Intrusion Detection System with Recursive Feature Elimination by Using Random Forest and Deep Learning Classifier},
year={2018},
volume={},
number={},
pages={71-76},
doi={10.1109/IBIGDELFT.2018.8625318},
ISSN={null},
month={Dec},}

@ARTICLE{vinayakumar2019,
author={R. {Vinayakumar} and M. {Alazab} and K. P. {Soman} and P. {Poornachandran} and A. {Al-Nemrat} and S. {Venkatraman}},
journal={IEEE Access},
title={Deep Learning Approach for Intelligent Intrusion Detection System},
year={2019},
volume={7},
number={},
pages={41525-41550},
ISSN={2169-3536},
month={},}

@ARTICLE{jan2019,
author={S. U. {Jan} and S. {Ahmed} and V. {Shakhov} and I. {Koo}},
journal={IEEE Access},
title={Toward a Lightweight Intrusion Detection System for the Internet of Things},
year={2019},
volume={7},
number={},
pages={42450-42471},
ISSN={2169-3536},
month={},}